<collection xmlns='http://www.loc.gov/MARC21/slim' xmlns:xsi='http://www.w3.org/2001/XMLSchema-instance' xsi:schemaLocation='http://www.loc.gov/standards/marcxml/schema/MARC21slim.xsd'>
  <record xmlns="http://www.loc.gov/MARC21/slim">
    <leader>00000ctm a2200000Ma 4500</leader>
    <controlfield tag="001">on1107057185</controlfield>
    <controlfield tag="008">190702s1786    ir a          000 0 per d</controlfield>
    <datafield tag="040" ind1=" " ind2=" ">
      <subfield code="a">ZCU</subfield>
      <subfield code="b">eng</subfield>
      <subfield code="e">amremm</subfield>
      <subfield code="c">ZCU</subfield>
      <subfield code="d">OCLCO</subfield>
    </datafield>
    <datafield tag="035" ind1=" " ind2=" ">
      <subfield code="a">(NNC)14012148</subfield>
    </datafield>
    <datafield tag="049" ind1=" " ind2=" ">
      <subfield code="a">ZCUA</subfield>
    </datafield>
    <datafield tag="100" ind1="1" ind2=" ">
      <subfield code="6">880-01</subfield>
      <subfield code="a">Gunābādī, Muẓaffar ibn Muḥammad Qāsim,</subfield>
      <subfield code="d">-1621 or 1622.</subfield>
    </datafield>
    <datafield tag="245" ind1="1" ind2="0">
      <subfield code="6">880-02</subfield>
      <subfield code="a">Sharḥ-i bīst bāb.</subfield>
    </datafield>
    <datafield tag="264" ind1=" " ind2="0">
      <subfield code="a">[Iran?],</subfield>
      <subfield code="c">1786.</subfield>
    </datafield>
    <datafield tag="300" ind1=" " ind2=" ">
      <subfield code="a">ii, 99, ii leaves :</subfield>
      <subfield code="b">laid paper, illustrations ;</subfield>
      <subfield code="c">200 x 108 (155 x 60) mm, bound to 200 x 105 mm</subfield>
    </datafield>
    <datafield tag="336" ind1=" " ind2=" ">
      <subfield code="a">text</subfield>
      <subfield code="b">txt</subfield>
      <subfield code="2">rdacontent</subfield>
    </datafield>
    <datafield tag="337" ind1=" " ind2=" ">
      <subfield code="a">unmediated</subfield>
      <subfield code="b">n</subfield>
      <subfield code="2">rdamedia</subfield>
    </datafield>
    <datafield tag="338" ind1=" " ind2=" ">
      <subfield code="a">volume</subfield>
      <subfield code="b">nc</subfield>
      <subfield code="2">rdacarrier</subfield>
    </datafield>
    <datafield tag="340" ind1=" " ind2=" ">
      <subfield code="d">manuscript.</subfield>
    </datafield>
    <datafield tag="500" ind1=" " ind2=" ">
      <subfield code="a">Manuscript codex.</subfield>
    </datafield>
    <datafield tag="520" ind1=" " ind2=" ">
      <subfield code="a">Commentary on Birjandī's Bīst bāb dar taqvīm, a short treatise on chronology and the computation of almanacs; some tables have been ruled, but left unfilled.</subfield>
    </datafield>
    <datafield tag="500" ind1=" " ind2=" ">
      <subfield code="a">Title from added title (f. 1r).</subfield>
    </datafield>
    <datafield tag="530" ind1=" " ind2=" ">
      <subfield code="a">Also available as a digital facsimile.</subfield>
    </datafield>
    <datafield tag="546" ind1=" " ind2=" ">
      <subfield code="a">Persian.</subfield>
    </datafield>
    <datafield tag="500" ind1=" " ind2=" ">
      <subfield code="a">Layout: 21 long lines with marginalia, geometrical shapes and tables.</subfield>
    </datafield>
    <datafield tag="500" ind1=" " ind2=" ">
      <subfield code="a">Script: Written in rapid nastaʻliq in black ink; pointed.</subfield>
    </datafield>
    <datafield tag="500" ind1=" " ind2=" ">
      <subfield code="a">Decoration: Rubrications in two shades of red; tables and geometrical shapes in red and black.</subfield>
    </datafield>
    <datafield tag="500" ind1=" " ind2=" ">
      <subfield code="a">Origin: Copy completed in Rajab 1201 AH (f. 97r).</subfield>
    </datafield>
    <datafield tag="500" ind1=" " ind2=" ">
      <subfield code="a">Persian customs stamp dated 1312/1934 (f. 1r, [98]v).</subfield>
    </datafield>
    <datafield tag="500" ind1=" " ind2=" ">
      <subfield code="a">Shelfmark: MS Or 51.</subfield>
    </datafield>
    <datafield tag="541" ind1="1" ind2=" ">
      <subfield code="a">Gift of David Eugene Smith, 1931-1934.</subfield>
    </datafield>
    <datafield tag="563" ind1=" " ind2=" ">
      <subfield code="a">Red leather over pasteboard with faint, blind-tooled frame; stencilled paper doublures with a large, central motif of blue flowers with green leaves and stems on a bright purple ground surrounded by a wide border composed of green vines and edges with blue parallel line in-fill.</subfield>
    </datafield>
    <datafield tag="588" ind1="0" ind2=" ">
      <subfield code="a">Item cataloged from digital facsimile and existing description.</subfield>
    </datafield>
    <datafield tag="600" ind1="1" ind2="0">
      <subfield code="6">880-03</subfield>
      <subfield code="a">Birjandī, ʻAbd al-ʻAlī ibn Muḥammad ibn Ḥusayn,</subfield>
      <subfield code="d">active 16th century.</subfield>
      <subfield code="t">Bīst bāb dar taqvīm.</subfield>
    </datafield>
    <datafield tag="650" ind1=" " ind2="0">
      <subfield code="a">Astronomy, Arab</subfield>
      <subfield code="v">Early works to 1800.</subfield>
    </datafield>
    <datafield tag="650" ind1=" " ind2="0">
      <subfield code="a">Astrology, Arab</subfield>
      <subfield code="v">Early works to 1800.</subfield>
    </datafield>
    <datafield tag="650" ind1=" " ind2="0">
      <subfield code="a">Islamic astronomy</subfield>
      <subfield code="v">Early works to 1800.</subfield>
    </datafield>
    <datafield tag="650" ind1=" " ind2="0">
      <subfield code="a">Islamic calendar</subfield>
      <subfield code="v">Early works to 1800.</subfield>
    </datafield>
    <datafield tag="650" ind1=" " ind2="0">
      <subfield code="a">Manuscripts, Persian.</subfield>
    </datafield>
    <datafield tag="655" ind1=" " ind2="7">
      <subfield code="a">Codices (bound manuscripts)</subfield>
      <subfield code="2">aat</subfield>
    </datafield>
    <datafield tag="655" ind1=" " ind2="7">
      <subfield code="a">Commentaries.</subfield>
      <subfield code="2">aat</subfield>
    </datafield>
    <datafield tag="655" ind1=" " ind2="7">
      <subfield code="a">Diagrams.</subfield>
      <subfield code="2">aat</subfield>
    </datafield>
    <datafield tag="655" ind1=" " ind2="7">
      <subfield code="a">Manuscripts (documents)</subfield>
      <subfield code="2">aat</subfield>
    </datafield>
    <datafield tag="655" ind1=" " ind2="7">
      <subfield code="a">Tables (documents)</subfield>
      <subfield code="2">aat</subfield>
    </datafield>
    <datafield tag="700" ind1="1" ind2=" ">
      <subfield code="a">Smith, David Eugene,</subfield>
      <subfield code="d">1860-1944,</subfield>
      <subfield code="e">former owner.</subfield>
    </datafield>
    <datafield tag="710" ind1="2" ind2=" ">
      <subfield code="a">Muslim World Manuscripts (Columbia University. Rare Book and Manuscript Library)</subfield>
      <subfield code="5">NNC</subfield>
    </datafield>
    <datafield tag="856" ind1="4" ind2="1">
      <subfield code="z">Digital facsimile in OPenn</subfield>
      <subfield code="u">http://openn.library.upenn.edu/Data/0032/html/ms_or_051.html</subfield>
    </datafield>
    <datafield tag="852" ind1=" " ind2=" ">
      <subfield code="a">Columbia University.</subfield>
      <subfield code="b">Rare Book and Manuscript Library</subfield>
      <subfield code="e">New York, NY. 10027</subfield>
      <subfield code="n">nyu</subfield>
      <subfield code="u">https://clio.columbia.edu/catalog/14012148</subfield>
    </datafield>
    <datafield tag="880" ind1="1" ind2=" ">
      <subfield code="6">100-01/(4/r</subfield>
      <subfield code="a">گنابادى، مظفر بن محمد قاسم،</subfield>
      <subfield code="d">-1621 or 1622</subfield>
    </datafield>
    <datafield tag="880" ind1="1" ind2="0">
      <subfield code="6">245-02/(3/r</subfield>
      <subfield code="a">شرح بيست باب.</subfield>
    </datafield>
    <datafield tag="880" ind1="1" ind2="4">
      <subfield code="6">600-03/(3/r</subfield>
      <subfield code="a">برجندى، عبد العلى بن محمد بن حسين،</subfield>
      <subfield code="d">active 16th century.</subfield>
      <subfield code="t">بيست باب در تقويم.</subfield>
    </datafield>
    <datafield tag="066" ind1=" " ind2=" ">
      <subfield code="c">(4</subfield>
      <subfield code="c">(3</subfield>
    </datafield>
  </record></collection>